<record><leader>00000cas a2200000 a 4500</leader><controlfield tag="001">26791407</controlfield><controlfield tag="008">921015d19601981caudr ne      0    0eng c</controlfield><datafield ind1=" " ind2=" " tag="010"><subfield code="a">sn 92070106 </subfield></datafield><datafield ind1=" " ind2=" " tag="040"><subfield code="a">CNK</subfield><subfield code="b">eng</subfield><subfield code="c">CNK</subfield><subfield code="d">OCLCQ</subfield><subfield code="d">CNK</subfield><subfield code="d">OCLCQ</subfield><subfield code="d">OCLCF</subfield><subfield code="d">OCLCO</subfield></datafield><datafield ind1="1" ind2=" " tag="029"><subfield code="a">AU@</subfield><subfield code="b">000020732436</subfield></datafield><datafield ind1=" " ind2=" " tag="042"><subfield code="a">pcc</subfield></datafield><datafield ind1=" " ind2=" " tag="043"><subfield code="a">n-us-ca</subfield></datafield><datafield ind1="0" ind2=" " tag="130"><subfield code="a">Press (Riverside, Calif.)</subfield></datafield><datafield ind1="1" ind2="4" tag="245"><subfield code="a">The press.</subfield></datafield><datafield ind1="3" ind2="0" tag="246"><subfield code="a">Saturday press-enterprise</subfield></datafield><datafield ind1="3" ind2="0" tag="246"><subfield code="a">Sunday press-enterprise</subfield></datafield><datafield ind1="3" ind2="0" tag="246"><subfield code="a">Press-enterprise</subfield></datafield><datafield ind1=" " ind2=" " tag="260"><subfield code="a">Riverside, Calif. :</subfield><subfield code="b">Press-Enterprise Co.</subfield></datafield><datafield ind1=" " ind2=" " tag="300"><subfield code="a">v.</subfield></datafield><datafield ind1=" " ind2=" " tag="310"><subfield code="a">Daily</subfield></datafield><datafield ind1="0" ind2=" " tag="362"><subfield code="a">Vol. 75, no. 140 (June 13, 1960)-Sept. 7, 1981.</subfield></datafield><datafield ind1=" " ind2=" " tag="500"><subfield code="a">On Saturdays published as: Saturday press-enterprise.</subfield></datafield><datafield ind1=" " ind2=" " tag="500"><subfield code="a">On Sundays published as: Sunday press-enterprise.</subfield></datafield><datafield ind1=" " ind2=" " tag="500"><subfield code="a">On holidays published as: Press-enterprise.</subfield></datafield><datafield ind1=" " ind2=" " tag="530"><subfield code="a">Master negatives are available for duplication from:</subfield><subfield code="b">California Newspaper Microfilm Archive;</subfield><subfield code="c">positive copies may be purchased by the reel; for further information consult the CNMA at:</subfield><subfield code="u">http://cbsr.ucr.edu</subfield></datafield><datafield ind1=" " ind2="0" tag="651"><subfield code="a">Riverside County (Calif.)</subfield><subfield code="v">Newspapers.</subfield></datafield><datafield ind1=" " ind2="0" tag="651"><subfield code="a">Riverside (Calif.)</subfield><subfield code="v">Newspapers.</subfield></datafield><datafield ind1=" " ind2="7" tag="655"><subfield code="a">Newspapers.</subfield><subfield code="2">fast</subfield><subfield code="0">(OCoLC)fst01423814</subfield></datafield><datafield ind1=" " ind2="7" tag="651"><subfield code="a">California</subfield><subfield code="z">Riverside.</subfield><subfield code="2">fast</subfield><subfield code="0">(OCoLC)fst01213640</subfield></datafield><datafield ind1=" " ind2="7" tag="651"><subfield code="a">California</subfield><subfield code="z">Riverside County.</subfield><subfield code="2">fast</subfield><subfield code="0">(OCoLC)fst01205486</subfield></datafield><datafield ind1=" " ind2=" " tag="752"><subfield code="a">United States</subfield><subfield code="b">California</subfield><subfield code="c">Riverside</subfield><subfield code="d">Riverside.</subfield></datafield><datafield ind1="0" ind2=" " tag="775"><subfield code="t">Daily independent enterprise</subfield><subfield code="w">(DLC)sn 93052500</subfield></datafield><datafield ind1="0" ind2=" " tag="775"><subfield code="t">Daily enterprise (Riverside, Calif. : 1962)</subfield><subfield code="w">(DLC)sn 93052501</subfield></datafield><datafield ind1="0" ind2=" " tag="775"><subfield code="t">Enterprise (Riverside, Calif. : 1977)</subfield><subfield code="w">(DLC)sn 93052502</subfield></datafield><datafield ind1="0" ind2="0" tag="780"><subfield code="t">Riverside daily press</subfield><subfield code="w">(DLC)sn 85066506</subfield></datafield><datafield ind1="0" ind2="0" tag="785"><subfield code="t">Evening press-enterprise</subfield><subfield code="w">(DLC)sn 93052508</subfield></datafield></record>